@article{golub,
author = {Gene H. Golub and Carl D. Meyer, Jr.},
title = {Using the {QR} Factorization and Group Inversion to Compute, Differentiate, and Estimate the Sensitivity of Stationary Probabilities for Markov Chains},
journal = {{SIAM} Journal on Algebraic Discrete Methods},
volume = {7},
number = {2},
pages = {273-281},
year = {1986},
doi = {10.1137/0607031},

URL = {
        http://dx.doi.org/10.1137/0607031

},
eprint = {
        http://dx.doi.org/10.1137/0607031

}

}

